%% This BibTeX bibliography file was created using BibDesk.
%% http://bibdesk.sourceforge.net/


%% Created for Seth Johnson at 2010-01-15 15:01:56 -0500 


%% Saved with string encoding Unicode (UTF-8) 



@article{moose,
	Author = {Gaston, Derek R. and Permann, Cody J. and Slaughter, Anderew E. and Andrs, Daved and
			Wang, Yaqi and Michael, Short P. and Perez, Danielle M. and Tonks, Michael R. and
			Ortensi, Javier and Zou, Ling and Martineau, Richard C.},
	Date-Added = {2018-01-18 00:07:00 -0500},
	Date-Modified = {2018-01-18 00:07:00 -0500},
	Journal = {Annals of Nuclear Energy},
	Keywords = {Full core reactor simulation, Multiphysics coupling, Multiphysics},
	Number = {},
	Pages = {45--54},
	Title = {Physics-based multiscale coupling for full core nuclear reactor simulation},
	Volume = {84},
	Year = {2015}}

%%@techreport{shift,
%%	Author = {Pandya, Tara and Evans, Tom and Davidson, Greg and Johnson, Seth and Godfrey, Andrew},
%%	Date-Added = {2018-01-18 00:07:00 -0500},
%%	Date-Modified = {2018-01-18 00:07:00 -0500},
%%	Institution = {The Consortium for Advanced Simulation of Light Water Reactors},
%%	Number = {CASL-U-2016-1186-000},
%%	Title = {Shift Verification and Validation},
%%	Year = {2016}}
	
@techreport{CritHandbook,
	Date-Added = {2010-01-15 14:53:00 -0500},
	Date-Modified = {2010-01-15 14:53:00 -0500},
	Institution = {Nuclear Energy Agency},
	Number = {NEA/NSC/DOC(95)03},
	Title = {International Handbook of Evaluated Criticality Safety Benchmark Experiments},
	Year = {2015}}

@inproceedings{ExaSMR,
	Author = {Evans, Tom},
	Date-Added = {2018-01-18 00:07:00 -0500},
	Date-Modified = {2018-01-18 00:07:00 -0500},
	Title = { Coupled Monte Carlo Neuronics and Fluid Flow Simulation of Small Modular Reactors 
			(ExaSMR): Application Development},
	Publisher = {HPC Users Forum},
	Year = {2017}}

